<?xml version="1.0" encoding="UTF-8"?>
<collection xmlns:xsi="http://www.w3.org/2001/XMLSchema-instance" xsi:schemaLocation="http://www.loc.gov/MARC21/slim http://www.loc.gov/standards/marcxml/schema/MARC21slim.xsd" xmlns="http://www.loc.gov/MARC21/slim">
<record>
  <leader>01277cam a22003011  4500</leader>
  <controlfield tag="001">3071291</controlfield>
  <controlfield tag="003">NNC</controlfield>
  <controlfield tag="005">20140922164727.0</controlfield>
  <controlfield tag="008">830804s1955    ua            000 0 ara d</controlfield>
  <datafield tag="035" ind1=" " ind2=" ">
    <subfield code="a">(OCoLC)ocm09774706</subfield>
  </datafield>
  <datafield tag="035" ind1=" " ind2=" ">
    <subfield code="9">ATP4250CU</subfield>
  </datafield>
  <datafield tag="035" ind1=" " ind2=" ">
    <subfield code="a">(NNC)3071291</subfield>
  </datafield>
  <datafield tag="035" ind1=" " ind2=" ">
    <subfield code="a">3071291</subfield>
  </datafield>
  <datafield tag="040" ind1=" " ind2=" ">
    <subfield code="a">SBH</subfield>
    <subfield code="c">SBH</subfield>
    <subfield code="d">ZCU</subfield>
  </datafield>
  <datafield tag="041" ind1="0" ind2=" ">
    <subfield code="a">arafre</subfield>
  </datafield>
  <datafield tag="099" ind1=" " ind2=" ">
    <subfield code="a">893.7Ib564</subfield>
    <subfield code="a">X</subfield>
  </datafield>
  <datafield tag="100" ind1="1" ind2=" ">
    <subfield code="a">Ibn Juljul, Sulaymān ibn Ḥassān,</subfield>
    <subfield code="d">944-</subfield>
  </datafield>
  <datafield tag="240" ind1="1" ind2="0">
    <subfield code="a">Ṭabaqāt al-aṭibbāʼ wa-al-ḥukamāʼ</subfield>
  </datafield>
  <datafield tag="245" ind1="1" ind2="0">
    <subfield code="a">Les generations des medecins et des sages.</subfield>
    <subfield code="b">Tabqat al'atibba' wal-hukama'.</subfield>
    <subfield code="c">Ecrit composé en 377 H. par Abu Dawud Sulaiman Ibn Hassan ibn Gulgul Al-Andalusi. Ed. critique par Fu'ad Sayyid.</subfield>
  </datafield>
  <datafield tag="260" ind1=" " ind2=" ">
    <subfield code="a">Caire,</subfield>
    <subfield code="b">Institut francais d'archéologie orientale,</subfield>
    <subfield code="c">1955.</subfield>
  </datafield>
  <datafield tag="300" ind1=" " ind2=" ">
    <subfield code="a">48, 138, 10 p.</subfield>
  </datafield>
  <datafield tag="490" ind1="1" ind2=" ">
    <subfield code="a">Publications de l'Institut francais d'archeologie orientale du Caire. Textes et traductions d'auteors orientaux ;</subfield>
    <subfield code="v">t. 10</subfield>
  </datafield>
  <datafield tag="500" ind1=" " ind2=" ">
    <subfield code="a">Arabic text, with separate title page, to be read in its usual manner, from the back of the volume to the front.</subfield>
  </datafield>
  <datafield tag="500" ind1=" " ind2=" ">
    <subfield code="a">Paginations follows the above sequence.</subfield>
  </datafield>
  <datafield tag="700" ind1="0" ind2=" ">
    <subfield code="a">Fu'ad al-Sayyud.</subfield>
  </datafield>
  <datafield tag="740" ind1="0" ind2=" ">
    <subfield code="a">Tabqat al'atibba'wal-hukama'.</subfield>
  </datafield>
  <datafield tag="830" ind1=" " ind2="0">
    <subfield code="a">Textes et traductions d'auteurs orientaux ;</subfield>
    <subfield code="v">t. 10.</subfield>
  </datafield>
  <datafield tag="955" ind1=" " ind2=" ">
    <subfield code="b">0038005522</subfield>
    <subfield code="d">glx</subfield>
    <subfield code="e">893.7Ib564 X</subfield>
  </datafield>
</record>
</collection>